@article{keypaper,
  author          = {Li, Xuesong and others},
  journal         = {Nature Biotechnology},
  title           = {Three-dimensional structured illumination microscopy with enhanced axial resolution},
  volume          = {41},
  year            = {2023},
  pages           = {1307-1319},
  url             = {https://doi.org/10.1038/s41587-022-01651-1},
}

@article{abbe,
  author          = {Abbe, Ernst},
  journal         = {Archiv für Mikroskopische Anatomie},
  title           = {Beiträge zur Theorie des Mikroskops und der mikroskopischen Wahrnehmung},
  volume          = {9},
  year            = {1873},
  url             = {https://doi.org/10.1007/BF02956173},
  pages           = {413-468},
}

@article{SIM2000,
author = {Gustafsson, M. G. L.},
title = {Surpassing the lateral resolution limit by a factor of two using structured illumination microscopy},
journal = {Journal of Microscopy},
volume = {198},
number = {2},
pages = {82-87},
keywords = {Actin, cytoskeleton, fluorescence microscopy, interference, lateral resolution, moiré microscopy,  optical transfer function, patterned excitation, resolution, structured illumination, super-resolution, wide-field microscopy},
url = {https://doi.org/10.1046/j.1365-2818.2000.00710.x},
year = {2000}
}

@article{phototoxicity,
  author = {Dixit, Ram and Cyr, Richard},
  title = {Cell damage and reactive oxygen species production induced by fluorescence microscopy: effect on mitosis and guidelines for non-invasive fluorescence microscopy},
  journal = {The Plant Journal},
  volume = {36},
  number = {2},
  pages = {280-290},
  url = {https://doi.org/10.1046/j.1365-313X.2003.01868.x},
  year = {2003}
}
