@article{keypaper,
  author          = {Li, Xuesong and others},
  journal         = {Nature Biotechnology},
  title           = {Three-dimensional structured illumination microscopy with enhanced axial resolution},
  volume          = {41},
  year            = {2023},
  pages           = {1307-1319},
  url             = {https://doi.org/10.1038/s41587-022-01651-1},
}

@article{abbe,
  author          = {Abbe, Ernst},
  journal         = {Archiv für Mikroskopische Anatomie},
  title           = {Beiträge zur Theorie des Mikroskops und der mikroskopischen Wahrnehmung},
  volume          = {9},
  year            = {1873},
  doi             = {https://doi.org/10.1007/BF02956173},
  pages           = {413-468},
}

@article{originalSIM,
  title = {Three-Dimensional Resolution Doubling in Wide-Field Fluorescence Microscopy by Structured Illumination},
  journal = {Biophysical Journal},
  volume = {94},
  number = {12},
  pages = {4957-4970},
  year = {2008},
  url = {https://doi.org/10.1529/biophysj.107.120345},
  author = {Mats G.L., Gustafsson and others},
}

@article{fairSIM,
  author          = {Müller, Marcel and others},
  journal         = {Nature Communications},
  title           = {Open-source image reconstruction of super-resolution structured illumination microscopy data in ImageJ},
  volume          = {7},
  year            = {2016},
  pages           = {10980},
}

@unknown{rcan,
author = {Zhang, Yulun and others},
year = {2018},
month = {07},
pages = {294-310},Computer Vision—ECCV
title = {Image Super-Resolution Using Very Deep Residual Channel Attention Networks}
}


Heintzmann, R. & Cremer, C. (1998) Laterally modulated excitation microscopy: improvement of resolution by using a diffraction grating. Proc. SPIE, 3568, 185-195.
 Gustafsson, M. G. L. et al. (2008) Three-dimensional resolution doubling in wide-field fluorescence microscopy by structured illumination. Biophys. J. 94, 4957–4970.
Müller, M., Mönkemöller, V., Hennig, S. et al. (2016) Open-source image reconstruction of super-resolution structured illumination microscopy data in ImageJ. Nat Commun 7, 10980.
Karras, C., Smedh, M., Förster R., et al. (2019) Successful optimization of reconstruction parameters in structured illumination microscopy – A practical guide. Optics Communications 436, 69–75.
Zhang, Y. et al. (2018) Image super-resolution using very deep residual channel attention networks. Computer Vision—ECCV 2018 294–310.
Christensen, C. N., Ward, E. N., Lu, M., Lio, P., & Kaminski, C. F. (2021). ML-SIM: universal reconstruction of structured illumination microscopy images using transfer learning. Biomedical optics express, 12(5), 2720–2733.
Christensen, Charles & Lu, Meng & Ward, Edward & Lio, Pietro & Kaminski, Clemens. (2022). Spatio-temporal Vision Transformer for Super-resolution Microscopy.
Li, X., Wu, Y., Su, Y. et al. Three-dimensional structured illumination microscopy with enhanced axial resolution. Nat Biotechnol 41, 1307–1319 (2023).
